2844 4948
242 521 436 587 xn„.
510 435 1041 570 panetario

138 729 148 736 .
241 671 333 790 ritule
346 661 576 765 inEuripidis
590 661 780 762 tragoediis
792 680 998 755 occurrunt,
1019 653 1066 734 ad
1078 607 1311 760 antistropbi·

242 753 369 864 eorbrn
391 789 507 884 legem
527 780 721 881 redigenda
741 802 984 880 susceperunt.
1042 779 1156 867 Quod
1177 780 1241 854 ubi
1265 806 1310 854 ex

240 904 450 984 auctoritate
463 903 639 978 librorum
649 904 866 1002 scriptorum
877 902 933 977 vel
943 899 1132 998 evestigiis
1144 901 1311 1000 antiquae

147 1021 158 1036 ⁹
239 1026 403 1102 lectionis
427 1024 483 1097 vel
501 1021 573 1116 ibi,
599 1021 663 1094 ubi
685 1022 930 1138 sensusetiam
947 1019 1233 1130 emendationem
1246 1023 1312 1116 fla·
1335 1070 1341 1078 -

240 1148 343 1246 girat,
369 1143 471 1218 facile
488 1141 653 1236 efficitur,
678 1163 718 1216 ut
733 1141 953 1244 Tyrwhittus
969 1114 1189 1218 nonnullam
1205 1138 1312 1212 Euri-

134 1323 140 1332 .
239 1263 328 1369 ptde
340 1284 484 1354 sanavit,
501 1283 537 1336 et
553 1247 775 1350 nunoOrest.
790 1267 897 1336 1558.
913 1279 992 1362 sqq.
1009 1265 1164 1336 et1550
1180 1283 1312 1352 metro

223 1373 321 1460 ‹ru'm
330 1383 529 1482 aequalitas,
544 1401 710 1456 mouente
718 1381 925 1456 Hermanno
938 1389 985 1456 de
993 1408 1147 1456 carmm.
1158 1385 1310 1454 amatr.
1369 1479 1373 1485 .

240 1533 278 1608 p.
287 1507 334 1600 V,
354 1501 512 1576 restituto
527 1521 590 1598 est,
604 1499 824 1576 laudandum
838 1495 911 1595 θεὶς
934 1502 1033 1576 nulla
1047 1501 1144 1576 enim
1158 1527 1243 1574 ettra
1258 1501 1319 1582 ιιὶιι

238 1625 313 1700 auia
336 1620 569 1696 existimanda
585 1641 655 1715 est,
668 1683 671 1690 ,
682 1647 774 1720 quae
800 1621 963 1722 antiquos
977 1621 1173 1720 scriptores
1184 1619 1313 1726 ¹pristi-

178 1753 181 1770 '
239 1747 308 1817 nae
327 1740 518 1840 integritati
541 1763 646 1842 atque
668 1742 859 1840 elegantiae
878 1740 965 1816 vel
954 1769 992 1813 ιιι
1014 1742 1131 1841 parvis
1152 1740 1311 1814 restituit.

200 1853 204 1861 ¹
239 1861 314 1940 Sed
337 1861 411 1971 nbi
424 1860 514 1940 nihil
536 1881 607 1956 est,
634 1861 743 1960 quod
758 1860 1004 1982 consuetudini
1024 1883 1149 1960 poetae
1168 1859 1226 1935 vel
1247 1859 1315 1933 lin

112 2035 119 2044 -
142 2059 146 2066 ,
240 2007 331 2084 guae
337 1947 485 2080 legibus
501 1981 560 2056 vel
573 1980 692 2054 sensui
707 1961 901 2078 repugnet,
927 1998 962 2052 et
977 2006 1051 2052 non
1067 1979 1135 2052 nisi
1150 2003 1313 2054 resecan-

242 2103 314 2192 dis,
340 2097 533 2235 addendis,
559 2097 848 2198 transponendis,
874 2075 1053 2172 mutandis
1066 2099 1184 2174 verbis
1199 2121 1313 2176 metra

241 2220 385 2321 aequari
411 2239 620 2322 possunt,
609 2216 760 2294 Codices
782 2223 889 2294 etiam
910 2217 947 2290 in
971 2217 1146 2318 scriptura
1168 2236 1313 2320 recepta
1364 2271 1368 2278 ·

241 2339 566 2433 consentiunt,'ibi
588 2363 733 2434 vereor,
759 2363 804 2412 ne
825 2337 899 2414 hoe
922 2338 968 2412 sit
991 2339 1122 2438 scripta
1144 2341 1313 2440 antiquo·
1370 2385 1374 2390 ·

240 2489 321 2538 rum
345 2460 391 2534 ad
411 2459 596 2533 arbitrium
619 2462 788 2558 refingere
811 2459 950 2558 potius,
977 2487 1144 2560 quamex
1165 2458 1244 2534 fider
1259 2481 1312 2536 te·

240 2581 348 2678 stium
365 2579 557 2654 restituere.
596 2577 643 2652 Et
660 2607 800 2652 causam
816 2577 975 2679 quidem,
997 2607 1060 2653 cur
1074 2579 1220 2680 saepius,
1244 2577 1313 2654 im-

240 2701 367 2804 primis
390 2700 428 2772 in
445 2698 508 2792 iis,
535 2726 626 2800 quae
639 2697 711 2775 a'ad
726 2706 853 2800 σκηνῆς
872 2698 1061 2806 dicuntur,
1087 2699 1242 2774 numeris
1258 2701 1314 2774 in·

242 2819 448 2920 aequalibus
459 2845 543 2892 usus
559 2820 606 2892 sit
615 2819 817 2919 Euripides,
832 2821 895 2921 qui
908 2820 1046 2920 primus
1061 2820 1135 2895 boe
1143 2822 1313 2920 frequen·
1348 2831 1352 2838 “

240 2965 329 3042 tasse
343 2939 505 3034 videtur,
526 2938 694 3016 idoneam
710 2962 802 3016 etex
818 2941 893 3041 ipsa
907 2940 958 3014 rei
973 2963 1097 3016 natura
1119 2940 1261 3046 ductam
1277 2961 1314 3014 et
1415 3013 1416 3016 ,

240 3089 310 3136 usu
323 3039 510 3162 scriptoris*
521 3062 791 3162 comprobatam
805 3061 923 3148 attulit
931 3061 1156 3138 Hermannus
1172 3060 1208 3132 in
1218 3061 1312 3158 prol.

239 3176 288 3278 rie
304 3211 454 3284 enrmm.
470 3186 706 3278 amiseroph,
722 3203 836 3278 partes
849 3182 1069 3258 ,actuosiores
1082 3173 1312 3278 antisiropbis

165 3322 183 3336 ”
239 3307 379 3394 carere,
405 3327 497 3400 quae
514 3328 601 3388 yero
620 3301 791 3376 sedatiora
817 3306 958 3397 essent,
971 3301 1019 3375 ad
1036 3299 1311 3398 antistrophico·

215 3427 322 3499 'rum
335 3423 449 3518 legem
460 3419 640 3522 descripta
653 3447 739 3516 esse,
763 3447 923 3496 monens.
965 3421 1073 3495 Plura
1087 3443 1203 3496 mmen
1216 3420 1314 3496 idem
1411 3425 1415 3432 ”

239 3543 311 3618 Vir
325 3533 550 3616 doctissimus
567 3541 717 3616 mutavit
730 3563 765 3615 et
782 3541 829 3616 ad
847 3564 1043 3626 metrorum
1066 3541 1316 3642 aequalitatem
1414 3559 1415 3566 ’

180 3701 182 3708 ·
238 3661 401 3764 redigere
418 3659 563 3735 conatus
579 3683 640 3754 est,
653 3689 772 3764 ,quam
785 3663 926 3756 editori,
944 3661 1056 3736 fidem
1072 3661 1176 3736 MSS.
1191 3657 1311 3734 codd,

212 3847 217 3862 Ι
238 3781 425 3886 spectanti,
445 3780 554 3856 licere
570 3783 758 3856 arbitratus
772 3811 861 3876 sum,
881 3783 937 3862 vel
953 3782 1030 3883 ipsa
1046 3782 1116 3876 illa,
1138 3784 1244 3884 'quam
1261 3802 1313 3855 nt·

194 3983 198 3997 ,
238 3905 341 3997 tulit,
368 3910 473 3976 cauea
494 3923 529 3975 et
553 3901 606 3976 rei
629 3902 718 4000 ratio
741 3903 978 4002 postulabat..
1006 3901 1149 3990 Quibus
1165 3901 1313 3974 enimin

236 4023 327 4098 loeis
348 4021 613 4120 responsionem
634 4047 867 4096 numerorum
888 4025 1029 4095 efficere
1052 4020 1185 4116 voluit,
1212 4022 1251 4094 in
1268 4020 1312 4094 iis
1352 4046 1355 4059 ‘

154 4170 162 4189 ·
198 4137 219 4178 '¹
237 4144 405 4220 omnibus
429 4141 712 4218 vehementiores
737 4141 845 4230 animi
876 4165 994 4216 motus
1014 4142 1070 4220 vel
1093 4140 1227 4216 doloris
1256 4138 1315 4216 vel

237 4263 392 4386 laetitiae
409 4250 735 4518 τίείιᾞιιιι,
761 4283 800 4358 ut
816 4261 910 4338 hanc
928 4262 1041 4364 ipsam
1063 4273 1221 4354 eausam,
1248 4269 1316 4334 bur

303 4391 304 4394 =
533 4371 565 4402 ,ι

152 4571 156 4584 ι
315 4491 318 4498 ³
339 4487 344 4504 i
627 4530 633 4542 ⁸
662 4473 700 4553 *i
736 4483 790 4525 ..1.
1345 4515 1351 4524 ¹

90 4597 93 4602 A
185 4599 190 4624 ¹
579 4589 583 4595 .
925 4647 927 4652 Ι
