2844 4948
577 249 797 372 „s

210 573 213 578 ¹
367 452 885 568 rtaA'urAnro.
1097 505 1159 560 ru
1266 478 1273 486 ·

106 653 265 754 Catelogo
281 653 380 731 edito
396 655 440 731 T.
455 655 485 730 Ι.
503 683 537 756 p.
556 662 643 730 515.
689 653 836 728 Scholia
849 653 1165 751 hahet-uberrima,-

105 791 187 872 quue
203 793 317 852 tamen
332 775 426 850 edita
441 802 516 850 non
530 795 705 874 superent.
743 774 795 850 Eu
810 800 899 849 vero
914 774 1160 850 tantummodo
1240 781 1243 786 “
1262 842 1264 846 ,

102 919 208 992 usque
225 894 272 972 ad
288 924 321 971 v.
341 901 448 986 1165.
460 896 596 971 Phoen.
611 893 924 993 Bam-„pertinent
942 893 944 898 ’
974 894 1162 975 AbetAn·

103 997 312 1096 dromachen
327 1009 454 1109 habet,
480 1015 549 1090 bae
565 1035 649 1090 nota
666 1014 850 1114 insignitus
869 1013 909 1088 C.
925 1013 972 1089 V.
989 1020 1024 1090 5.
1040 1015 1077 1090 in
1094 1015 1162 1089 Ca*
1248 1015 1251 1024 ’

99 1134 152 1205 tal.
169 1133 212 1209 T.
226 1134 255 1209 I.
271 1164 305 1235 p.
326 1140 409 1231 arb.
425 1159 458 1210 v.
471 1134 619 1212 bech-l.
634 1134 658 1207 l.
675 1161 710 1234 p.
725 1133 791 1208 XI.
898 1187 902 1194 -

138 1276 139 1286 ¹
167 1255 366 1358 'Codioem
401 1255 777 1360 Guelpherbytanum,
817 1253 880 1354 qui
906 1277 956 1330 est
984 1264 1042 1332 15.
1067 1256 1159 1330 inter

22 1449 23 1456 χ
99 1371 266 1471 Graecos,
292 1375 367 1473 ipse
390 1375 546 1467 romuli,
573 1374 823 1449 humanissime
846 1375 1048 1473 abaugero
1070 1375 1157 1450 meis
1224 1371 1229 1374 ’
1298 1411 1302 1418 ’
1375 1359 1380 1376 ’

97 1514 127 1564 et
142 1493 311 1592 Weigelii
334 1495 500 1594 precibus
520 1521 747 1577 concessum..
794 1494 886 1569 Sunt
907 1495 933 1568 ii
948 1496 1025 1570 duo.
1040 1494 1156 1569 codd.

21 1611 22 1622 ’
98 1608 210 1708 MSS,
235 1641 309 1691 uno
325 1609 505 1688 volumine
524 1611 785 1714 comprehensi,
808 1642 963 1713 quorum
978 1606 1066 1700 alter
1083 1616 1157 1688 He·
1218 1623 1222 1682 ἰ

97 1732 234 1827 cubam,
275 1733 425 1808 Oresten
449 1753 484 1804 et
505 1733 731 1826 Phoenissae,
765 1735 853 1808 alter
877 1714 1158 1812 Andromachen

97 1853 255 1926 eontinet.
308 1847 413 1924 Prior
427 1877 501 1924 esse
515 1850 653 1924 videtur
667 1877 737 1924 sec.
754 1852 861 1944 XIV,
887 1876 1047 1927 accurate
1064 1854 1157 1942 litte·

20 2065 22 2068 Ι
96 1971 136 2042 ris
150 1955 418 2070 elegantissimis
433 1971 470 2044 in
488 1959 613 2046 charta
626 1969 844 2074 bombycina
857 1973 1018 2073 scriptus.
1053 1956 1157 2079 Glos-

19 2141 20 2146 κ
94 2117 139 2163 sus
159 2112 192 2166 et
204 2091 343 2166 scholia
360 2111 396 2164 et
418 2090 509 2164 inter
529 2115 651 2168 versus
673 2113 707 2164 et
729 2092 767 2169 in
793 2088 948 2190 margine
972 2093 1155 2194 permulto,

93 2208 271 2309 inquibus
291 2212 400 2286 multa
419 2209 574 2303 inedita,
600 2210 774 2311 adscripta
794 2210 1014 2308 babet,'alia
1038 2213 1082 2286 ab
1100 2194 1156 2286 ea·

93 2328 183 2424 dem,
210 2359 283 2431 qua
299 2353 434 2427 textus,
460 2358 569 2424 tuanu
586 2328 696 2407 minio
720 2331 815 2430 picta
829 2359 941 2436 usque
956 2331 1004 2406 ad
1017 2331 1155 2406 Phoen.
1234 2376 1237 2385 .

21 2449 25 2459 ¹
91 2475 120 2521 v.
143 2457 239 2544 524,
265 2451 398 2525 deinde
420 2472 615 2555 atramento
621 2506 634 2546 ,
660 2451 729 2525 alia
743 2473 778 2524 ot
793 2451 898 2552 longe
917 2453 1018 2552 plura
1038 2439 1155 2526 minus
1205 2534 1211 2546 ,

91 2570 270 2669 eleganter,
287 2563 411 2648 litteris
425 2559 633 2658 minoribus.
659 2569 762 2646 Alter
778 2571 915 2666 Codex,
932 2573 996 2674 qni
1009 2559 1155 2648 Andro·
1264 2627 1267 2636 ,

91 2691 234 2766 machon
257 2689 432 2786 continet,
460 2711 511 2766 est
532 2691 644 2766 seculi
658 2692 751 2784 XV,
778 2691 885 2788 etiam
902 2689 1151 2792 bombycinus,
1232 2723 1239 2734 ⁸

86 2807 278 2908 eleganter,
305 2832 343 2886 at
357 2835 463 2910 saepe
478 2811 622 2905 vitiose,
649 2803 812 2910 scriptus.
872 2806 1019 2888 Scholia
1033 2827 1156 2913 'pauca

89 2953 179 3025 suut,
206 2929 333 3006 eadem
349 2931 467 3032 omnia
483 2932 745 3028 manuscripta,
771 2932 940 3030 pleraque
956 2930 1098 3026 inedita,
1117 2931 1153 3025 ᾗ)
1218 2956 1221 2962 ’

88 3038 248 3126 Ceterum
262 3051 363 3152 quod
377 3049 569 3132 Beclsiusl.
586 3049 608 3122 l.
625 3077 660 3150 p.
677 3049 938 3142 Xlll.1tarrat,
964 3049 1004 3120 in
1016 3049 1149 3122 biblio·

86 3169 180 3248 theca
202 3173 519 3275 Guelpherbytana
542 3194 615 3242 csse
641 3167 827 3268 Euripidis
838 3167 1050 3266 ,editionem
1065 3195 1148 3240 cum

88 3291 405 3388 observationibus,
428 3289 589 3368 Salmasii
610 3317 717 3366 manu
733 3288 932 3388 adscriptis,
961 3285 1001 3362 id
1021 3288 1147 3366 falsum

86 3433 172 3505 esse,
211 3440 278 3491 nec
306 3437 459 3513 unquam
492 3411 598 3486 talem
618 3409 750 3484 librum
777 3411 815 3488 in
838 3408 1058 3486 bibliotheca
1085 3405 1146 3482 illa

84 3527 202 3627 fuisse,
228 3533 325 3607 idem
337 3531 526 3630 ,Laugerus'
536 3556 595 3604 me
612 3531 763 3608 monuit.
1184 3625 1187 3653 ἱ

178 3650 352 3726 Adieram
375 3652 482 3724 etiam
505 3676 570 3750 per
595 3650 723 3726 litteras
747 3649 968 3743 Iacobsium,
1010 3667 1142 3745 petens,
1247 3665 1249 3674 ’

83 3787 135 3862 ut,
177 3770 453 3869 quae'subsidiu
479 3768 692 3845 emendandi
718 3759 901 3869 Euripidis
925 3765 1144 3854 bibliotheca

82 3871 474 3989 Monacensishaberet,
500 3887 651 3964 ea‘mihi
669 3889 724 3965 vel
739 3888 980 3980 summitteret,
1006 3884 1144 3994 velibi·

83 4001 158 4082 dein
182 4007 439 4104 exseribeuda,
473 4009 713 4108 excerpenda,
754 4005 967 4082 oonferenda
995 4024 1143 4080 curaret.

142 4160 171 4230 ⁴¹)
190 4161 276 4219 Hunc
298 4163 435 4219 Codicem
457 4161 515 4216 iam
541 4177 604 4216 ante
629 4179 676 4217 me
700 4155 822 4218 contulit
845 4155 977 4212 Botlrius.
999 4172 1029 4208 v.
1048 4153 1144 4224 Enrip.
1170 4143 1173 4154 '

181 4231 291 4287 Werhe
307 4230 477 4288 vorleutstbt
492 4251 550 4287 von
569 4232 614 4286 fr.
631 4232 668 4286 H.
686 4229 784 4284 Bothe.
804 4223 901 4302 llinft.
922 4227 958 4282 Β.
973 4243 1003 4295 p.
1020 4223 1065 4294 64.
1083 4242 1141 4293 sqq.

174 4308 237 4368 545·
251 4321 308 4372 sqq.
347 4329 350 4335 '
