2844 4948
306 947 933 1092 enarrarre
1025 1059 1030 1072 -

69 1257 75 1271 ‘
90 1209 227 1359 Quum
243 1216 431 1320 consilium
444 1242 577 1322 edendi
591 1243 773 1347 Euripidis
787 1248 905 1349 primo
921 1249 1150 1348 susciperem,

88 1365 122 1439 id
134 1389 270 1440 tantum
285 1367 503 1466 spectabam,
532 1388 572 1440 ut
598 1367 869 1466 poctae'textum
884 1369 1034 1465 mendis,
1057 1395 1152 1470 quae
1256 1422 1267 1428 -
1327 1389 1331 1397 ‘

88 1485 305 1588 superiorum
320 1485 501 1562 editorum
513 1487 667 1582 solertia,
684 1489 742 1563 vel
758 1489 919 1564 librorua
935 1489 1152 1590 scriptorum

89 1607 211 1698 auxilio
231 1607 330 1702 nixa,
355 1607 414 1682 vel
428 1607 655 1683 suisviribus
670 1613 829 1704 confisa,
855 1609 1066 1704 sustulisset,
1090 1605 1151 1686 vel

89 1753 234 1824 quorum
266 1726 480 1802 medicinam
500 1727 726 1826 certamipse
744 1729 835 1800 milri
861 1725 1034 1806 invenisse
1054 1728 1157 1804 vide·

90 1871 154 1942 rer,
186 1846 381 1936 liberatum
404 1867 439 1918 et
459 1867 646 1944 purgatum
669 1846 890 1944 exhiberem,
925 1848 973 1924 ita
994 1834 1163 1922 futurum*
1251 1839 1253 1844 ¹
1324 1891 1332 1916 κ

90 1991 244 2062 sperans,
271 1985 314 2038 nt
327 1964 380 2038 sic
398 1963 541 2038 taudem
557 1963 667 2041 editio
685 1987 849 2058 exstaret,
876 1990 911 2044 et
926 1995 1037 2067 parvo
1052 1995 1154 2066 para·

88 2085 160 2158 bilis
175 2105 211 2159 et
226 2084 357 2158 habilis
372 2080 418 2158 ad
433 2107 537 2158 usum
555 2105 591 2156 et
610 2077 700 2184 puae
715 2083 912 2184 legentibus
925 2073 1045 2162 'miuus
1060 2087 1154 2162 diffi-

88 2205 217 2280 cultatis
240 2227 275 2278 et
295 2193 499 2279 offensiouis
520 2203 721 2299 obiiceret·
762 2205 913 2292 Quoties
935 2205 1030 2278 enirn
1052 2225 1154 2278 antea

57 2412 59 2421 γ
88 2324 278 2426 tragoedias
292 2323 369 2398 illas
383 2325 549 2422 legeram,
567 2323 838 2423 acgreyferebam
853 2325 981 2398 multas
993 2325 1153 2424 egregias

17 2475 18 2496 r
88 2444 268 2520 relCodd.
286 2443 458 2519 lectiones
474 2445 530 2520 vel
546 2443 706 2519 virorum
722 2435 916 2520 doctorum
931 2443 1153 2519 emendatio·

17 2577 18 2584 ’
88 2590 143 2638 nes
161 2567 207 2640 ab
223 2551 423 2642 editoribus
441 2565 616 2665 neglectas
634 2589 728 2661 esse,
753 2566 928 2640 nonnulla
944 2566 1050 2639 etiarn
1073 2564 1154 2637 loca
1187 2615 1189 2623 ι

88 2684 267 2759 emendata
281 2683 476 2791 seuyerius
491 2685 677 2759 immutata
692 2710 785 2780 esse,
813 2711 904 2786 quae
918 2685 1022 2759 ‘nulla
1038 2666 1155 2759 omni·
1205 2699 1206 2702 ’

86 2828 128 2878 ao
143 2803 391 2880 emendatione
403 2802 645 2904 indigerent]
670 2803 746 2878 Sed
763 2831 838 2903 quo
858 2803 992 2878 diutius
1010 2823 1154 2902 poetam

85 2920 150 2996 hoc
165 2922 301 2998 edendi
317 2923 468 2999 consilio
487 2925 691 3048 tractabam,
718 2949 762 2997 co
781 2924 891 3022 magis
906 2916 1153 3020 intelligebam,

86 3042 138 3117 vix
157 3070 214 3118 me
234 3070 363 3142 operae
381 3043 537 3143 pretium
551 3043 729 3117 facturum
745 3067 842 3136 esse,
875 3042 944 3114 nisi
961 3069 1053 3117 nova
1069 3041 1153 3112 subt-

87 3163 168 3240 sidia
180 3163 366 3260 lectionis,
392 3191 500 3264 quam
514 3183 661 3258 vocant„
688 3161 956 3237 constituendae
971 3157 1152 3235 adhibuis-

86 3310 169 3380 sem,
211 3283 347 3386 quibus
376 3285 431 3360 vel
465 3283 628 3378 vulnera,
669 3282 726 3356 his
756 3283 971 3358 carminibus
1001 3280 1150 3375 inflicta,

87 3425 308 3499 sanarentur,
334 3405 392 3480 vel
413 3404 551 3500 saltem,
586 3401 678 3504 quid
702 3403 755 3476 ibi
779 3405 824 3506 ab
846 3402 1000 3502 antiquis
1018 3401 1152 3474 lectum
1209 3391 1221 3407 ’

87 3544 187 3618 esset,
224 3523 386 3626 quamvis
409 3524 569 3598 obscuris
599 3549 859 3622 nonnunquam
885 3520 1014 3620 siguis,
1048 3517 1153 3593 iudi·

86 3665 229 3720 caretur.
310 3643 423 3730 Quod
447 3641 512 3717 ubi
539 3642 737 3746 significavi
762 3643 960 3740 Weigelio,
995 3641 1075 3734 ille,
1110 3659 1151 3714 ut

86 3780 134 3834 cst
161 3763 209 3838 ad
230 3763 347 3838 literas
370 3791 441 3862 qua
474 3784 590 3868 potest
613 3789 682 3863 ope
711 3761 880 3838 iuvandas
903 3758 1150 3866 paratissimus,

85 3881 197 3956 statim
219 3883 309 3958 adiit
332 3883 446 3979 Viros
471 3883 597 3957 doctos
626 3883 925 3957 bibliothecarum
950 3879 1153 3985 opulentio-

85 4027 156 4075 rum
173 4003 393 4103 praefectos,
419 4024 460 4077 ut
483 4029 630 4098 eorum,
652 4003 801 4102 quaein
826 3997 1056 4074 bibliothecis
1072 4023 1155 4072 suae

85 4145 181 4198 curae
201 4123 412 4217 commissis,
435 4123 482 4198 ad
495 4121 705 4222 Euripidem
719 4118 983 4196 emendandum
998 4115 1156 4192 subsidia

82 4243 339 4342 reperirentur,
365 4243 433 4318 sibi
455 4243 619 4342 mihique
644 4243 788 4344 copiam
814 4241 979 4316 facerent.
1031 4239 1086 4314 Ita
1112 4238 1154 4329 is,
