<?xml version="1.0" encoding="UTF-8"?>
<!DOCTYPE html PUBLIC "-//W3C//DTD XHTML 1.0 Transitional//EN"
    "http://www.w3.org/TR/xhtml1/DTD/xhtml1-transitional.dtd">
<html xmlns="http://www.w3.org/1999/xhtml" xml:lang="en" lang="en">
 <head>
  <title>
</title>
<meta http-equiv="Content-Type" content="text/html;charset=utf-8" />
  <meta name='ocr-system' content='tesseract 3.04.00' />
  <meta name='ocr-capabilities' content='ocr_page ocr_carea ocr_par ocr_line ocrx_word'/>
</head>
<body>
  <div class='ocr_page' id='page_1' title='image "./euripidistragoe20eurigoog_0015.png"; bbox 0 0 2844 4948; ppageno 0'>
   <div class='ocr_carea' id='block_1_1' title="bbox 229 451 1309 863">
    <p class='ocr_par' dir='ltr' id='par_1_1' title="bbox 229 451 1309 863">
     <span class='ocr_line' id='line_1_1' title="bbox 242 451 1045 593; baseline -0.006 -43"><span class='ocrx_word' id='word_1_1' title='bbox 242 497 272 550; x_wconf 69' lang='grc' dir='ltr'><strong><em>ι</em></strong></span> <span class='ocrx_word' id='word_1_2' title='bbox 477 451 1045 593; x_wconf 69' lang='lat' dir='ltr'><strong>¹raanrnrra</strong></span> 
     </span>
     <span class='ocr_line' id='line_1_2' title="bbox 229 629 1309 743; baseline 0 -27"><span class='ocrx_word' id='word_1_3' title='bbox 229 665 340 718; x_wconf 81' lang='lat' dir='ltr'><strong>certe</strong></span> <span class='ocrx_word' id='word_1_4' title='bbox 369 642 499 718; x_wconf 87' lang='lat' dir='ltr'><strong>clarius</strong></span> <span class='ocrx_word' id='word_1_5' title='bbox 521 629 810 737; x_wconf 83' lang='lat' dir='ltr'><strong>demonstratam,</strong></span> <span class='ocrx_word' id='word_1_6' title='bbox 855 665 925 743; x_wconf 77' lang='lat' dir='ltr'><strong>qua</strong></span> <span class='ocrx_word' id='word_1_7' title='bbox 949 638 1147 730; x_wconf 77' lang='lat' dir='ltr'><strong>emendatio</strong></span> <span class='ocrx_word' id='word_1_8' title='bbox 1172 640 1309 718; x_wconf 88' lang='lat' dir='ltr'><strong>institui</strong></span> 
     </span>
     <span class='ocr_line' id='line_1_3' title="bbox 242 761 1307 863; baseline -0.002 -25"><span class='ocrx_word' id='word_1_9' title='bbox 242 763 377 862; x_wconf 78' lang='lat' dir='ltr'><strong>posset,</strong></span> <span class='ocrx_word' id='word_1_10' title='bbox 403 763 516 839; x_wconf 85' lang='lat' dir='ltr'><strong>velex</strong></span> <span class='ocrx_word' id='word_1_11' title='bbox 530 761 726 837; x_wconf 86' lang='lat' dir='ltr'><strong>Hermanni</strong></span> <span class='ocrx_word' id='word_1_12' title='bbox 746 761 837 863; x_wconf 87' lang='lat' dir='ltr'><strong>prol.</strong></span> <span class='ocrx_word' id='word_1_13' title='bbox 853 771 900 838; x_wconf 84' lang='lat' dir='ltr'><strong>de</strong></span> <span class='ocrx_word' id='word_1_14' title='bbox 913 764 1139 837; x_wconf 73' lang='lat' dir='ltr'><em>carminibus</em></span> <span class='ocrx_word' id='word_1_15' title='bbox 1158 767 1307 838; x_wconf 86' lang='lat' dir='ltr'><strong>autistr.</strong></span> 
     </span>
    </p>
   </div>
   <div class='ocr_carea' id='block_1_2' title="bbox 151 875 1308 1106">
    <p class='ocr_par' dir='ltr' id='par_1_2' title="bbox 151 875 1308 1106">
     <span class='ocr_line' id='line_1_4' title="bbox 165 875 1308 982; baseline -0.002 -26"><span class='ocrx_word' id='word_1_16' title='bbox 165 875 168 884; x_wconf 65' lang='grc'>’</span> <span class='ocrx_word' id='word_1_17' title='bbox 241 881 395 982; x_wconf 81' lang='lat' dir='ltr'><strong>intelligi</strong></span> <span class='ocrx_word' id='word_1_18' title='bbox 412 903 543 982; x_wconf 84' lang='lat' dir='ltr'><strong>potest.</strong></span> <span class='ocrx_word' id='word_1_19' title='bbox 596 882 639 956; x_wconf 90' lang='lat' dir='ltr'><strong>In</strong></span> <span class='ocrx_word' id='word_1_20' title='bbox 661 879 881 956; x_wconf 82' lang='lat' dir='ltr'><strong>recensendis</strong></span> <span class='ocrx_word' id='word_1_21' title='bbox 903 909 987 957; x_wconf 87' lang='lat' dir='ltr'><strong>vero</strong></span> <span class='ocrx_word' id='word_1_22' title='bbox 1012 883 1068 957; x_wconf 89' lang='lat' dir='ltr'><strong>his</strong></span> <span class='ocrx_word' id='word_1_23' title='bbox 1092 882 1308 957; x_wconf 74' lang='lat' dir='ltr'><strong>carminibus</strong></span> 
     </span>
     <span class='ocr_line' id='line_1_5' title="bbox 151 987 1308 1106; baseline 0 -32"><span class='ocrx_word' id='word_1_24' title='bbox 151 1015 155 1022; x_wconf 84' lang='grc'><strong>“</strong></span> <span class='ocrx_word' id='word_1_25' title='bbox 194 987 197 996; x_wconf 55' lang='grc'>’</span> <span class='ocrx_word' id='word_1_26' title='bbox 243 1028 321 1106; x_wconf 80' lang='lat' dir='ltr'><strong>eam</strong></span> <span class='ocrx_word' id='word_1_27' title='bbox 334 1003 447 1100; x_wconf 84' lang='lat' dir='ltr'><strong>legem</strong></span> <span class='ocrx_word' id='word_1_28' title='bbox 462 1002 550 1076; x_wconf 88' lang='lat' dir='ltr'><strong>mihi</strong></span> <span class='ocrx_word' id='word_1_29' title='bbox 565 995 660 1094; x_wconf 82' lang='lat' dir='ltr'><strong>dixi,</strong></span> <span class='ocrx_word' id='word_1_30' title='bbox 685 1021 744 1092; x_wconf 87' lang='lat' dir='ltr'><strong>nt,</strong></span> <span class='ocrx_word' id='word_1_31' title='bbox 770 1002 992 1100; x_wconf 81' lang='lat' dir='ltr'><strong>conquisitis,</strong></span> <span class='ocrx_word' id='word_1_32' title='bbox 1021 1031 1130 1103; x_wconf 89' lang='lat' dir='ltr'><strong>quam</strong></span> <span class='ocrx_word' id='word_1_33' title='bbox 1144 1023 1308 1103; x_wconf 88' lang='lat' dir='ltr'><strong>poteram</strong></span> 
     </span>
    </p>
   </div>
   <div class='ocr_carea' id='block_1_3' title="bbox 78 1119 1308 1222">
    <p class='ocr_par' dir='ltr' id='par_1_3' title="bbox 78 1119 1308 1222">
     <span class='ocr_line' id='line_1_6' title="bbox 78 1119 1308 1222; baseline 0.005 -31"><span class='ocrx_word' id='word_1_34' title='bbox 78 1123 80 1136; x_wconf 80' lang='grc'><strong>“</strong></span> <span class='ocrx_word' id='word_1_35' title='bbox 130 1171 133 1183; x_wconf 57' lang='lat'><em>1</em></span> <span class='ocrx_word' id='word_1_36' title='bbox 241 1119 523 1220; x_wconf 77' lang='lat' dir='ltr'><strong>diligentissime,</strong></span> <span class='ocrx_word' id='word_1_37' title='bbox 560 1122 725 1213; x_wconf 83' lang='lat' dir='ltr'><strong>pmuibus</strong></span> <span class='ocrx_word' id='word_1_38' title='bbox 746 1120 801 1194; x_wconf 89' lang='lat' dir='ltr'><strong>vel</strong></span> <span class='ocrx_word' id='word_1_39' title='bbox 822 1121 991 1195; x_wconf 89' lang='lat' dir='ltr'><strong>codicum</strong></span> <span class='ocrx_word' id='word_1_40' title='bbox 1012 1123 1227 1222; x_wconf 82' lang='lat' dir='ltr'><strong>scriptorum</strong></span> <span class='ocrx_word' id='word_1_41' title='bbox 1247 1121 1308 1197; x_wconf 90' lang='lat' dir='ltr'><strong>vel</strong></span> 
     </span>
    </p>
   </div>
   <div class='ocr_carea' id='block_1_4' title="bbox 240 1240 1410 1701">
    <p class='ocr_par' dir='ltr' id='par_1_4' title="bbox 241 1240 1364 1350">
     <span class='ocr_line' id='line_1_7' title="bbox 241 1240 1364 1350; baseline -0.001 -35"><span class='ocrx_word' id='word_1_42' title='bbox 241 1243 466 1342; x_wconf 88' lang='lat' dir='ltr'><strong>antiquarum</strong></span> <span class='ocrx_word' id='word_1_43' title='bbox 485 1242 686 1350; x_wconf 78' lang='lat' dir='ltr'><strong>editionum</strong></span> <span class='ocrx_word' id='word_1_44' title='bbox 708 1240 867 1315; x_wconf 86' lang='lat' dir='ltr'><strong>omnium</strong></span> <span class='ocrx_word' id='word_1_45' title='bbox 890 1242 1118 1338; x_wconf 85' lang='lat' dir='ltr'><strong>lectionibus,</strong></span> <span class='ocrx_word' id='word_1_46' title='bbox 1152 1241 1307 1316; x_wconf 83' lang='lat' dir='ltr'><strong>excussis</strong></span> <span class='ocrx_word' id='word_1_47' title='bbox 1358 1271 1364 1294; x_wconf 72' lang='lat'><strong>,</strong></span> 
     </span>
    </p>

    <p class='ocr_par' dir='ltr' id='par_1_5' title="bbox 240 1339 1410 1701">
     <span class='ocr_line' id='line_1_8' title="bbox 241 1339 1410 1466; baseline -0.003 -30"><span class='ocrx_word' id='word_1_48' title='bbox 241 1362 348 1436; x_wconf 84' lang='lat' dir='ltr'><strong>etiam</strong></span> <span class='ocrx_word' id='word_1_49' title='bbox 357 1339 520 1466; x_wconf 44' lang='lat' dir='ltr'><strong>veterum,</strong></span> <span class='ocrx_word' id='word_1_50' title='bbox 528 1356 760 1461; x_wconf 86' lang='lat' dir='ltr'><strong>interpretum</strong></span> <span class='ocrx_word' id='word_1_51' title='bbox 774 1382 808 1435; x_wconf 91' lang='lat' dir='ltr'><strong>et</strong></span> <span class='ocrx_word' id='word_1_52' title='bbox 822 1359 1027 1436; x_wconf 85' lang='lat' dir='ltr'><strong>criticorum</strong></span> <span class='ocrx_word' id='word_1_53' title='bbox 1042 1347 1307 1437; x_wconf 76' lang='lat' dir='ltr'><strong>comineritnriis</strong></span> <span class='ocrx_word' id='word_1_54' title='bbox 1409 1393 1410 1404; x_wconf 51' lang='lat'>¹</span> 
     </span>
     <span class='ocr_line' id='line_1_9' title="bbox 240 1480 1329 1584; baseline 0.001 -30"><span class='ocrx_word' id='word_1_55' title='bbox 240 1481 411 1584; x_wconf 83' lang='lat' dir='ltr'><strong>librisque</strong></span> <span class='ocrx_word' id='word_1_56' title='bbox 436 1483 648 1582; x_wconf 85' lang='lat' dir='ltr'><strong>scriptorum</strong></span> <span class='ocrx_word' id='word_1_57' title='bbox 668 1481 912 1580; x_wconf 77' lang='lat' dir='ltr'><strong>atrtiquorum,</strong></span> <span class='ocrx_word' id='word_1_58' title='bbox 938 1483 1002 1582; x_wconf 93' lang='lat' dir='ltr'><strong>qui</strong></span> <span class='ocrx_word' id='word_1_59' title='bbox 1022 1481 1202 1581; x_wconf 83' lang='lat' dir='ltr'><strong>Euripidis</strong></span> <span class='ocrx_word' id='word_1_60' title='bbox 1225 1480 1329 1555; x_wconf 86' lang='lat' dir='ltr'><strong>loca·</strong></span> 
     </span>
     <span class='ocr_line' id='line_1_10' title="bbox 240 1599 1307 1701; baseline -0.003 -24"><span class='ocrx_word' id='word_1_61' title='bbox 240 1603 299 1677; x_wconf 91' lang='lat' dir='ltr'><strong>vel</strong></span> <span class='ocrx_word' id='word_1_62' title='bbox 322 1602 532 1676; x_wconf 88' lang='lat' dir='ltr'><strong>nominatim</strong></span> <span class='ocrx_word' id='word_1_63' title='bbox 558 1599 780 1694; x_wconf 16' lang='lat' dir='ltr'><strong>laudantxvel</strong></span> <span class='ocrx_word' id='word_1_64' title='bbox 803 1600 847 1674; x_wconf 88' lang='lat' dir='ltr'><strong>ad</strong></span> <span class='ocrx_word' id='word_1_65' title='bbox 877 1627 917 1676; x_wconf 89' lang='lat' dir='ltr'><strong>ea</strong></span> <span class='ocrx_word' id='word_1_66' title='bbox 938 1603 1129 1701; x_wconf 80' lang='lat' dir='ltr'><strong>respexisse</strong></span> <span class='ocrx_word' id='word_1_67' title='bbox 1154 1599 1307 1700; x_wconf 84' lang='lat' dir='ltr'><strong>putandi</strong></span> 
     </span>
    </p>
   </div>
   <div class='ocr_carea' id='block_1_5' title="bbox 59 1717 1307 1820">
    <p class='ocr_par' dir='ltr' id='par_1_6' title="bbox 59 1717 1307 1820">
     <span class='ocr_line' id='line_1_11' title="bbox 59 1717 1307 1820; baseline -0.006 -21"><span class='ocrx_word' id='word_1_68' title='bbox 59 1717 62 1732; x_wconf 78' lang='grc'><strong>’</strong></span> <span class='ocrx_word' id='word_1_69' title='bbox 155 1775 159 1783; x_wconf 89' lang='grc'>-</span> <span class='ocrx_word' id='word_1_70' title='bbox 240 1744 333 1814; x_wconf 80' lang='lat' dir='ltr'><strong>sunt,</strong></span> <span class='ocrx_word' id='word_1_71' title='bbox 361 1723 406 1796; x_wconf 87' lang='lat' dir='ltr'><strong>ad</strong></span> <span class='ocrx_word' id='word_1_72' title='bbox 421 1722 552 1796; x_wconf 87' lang='lat' dir='ltr'><strong>horum</strong></span> <span class='ocrx_word' id='word_1_73' title='bbox 566 1723 809 1809; x_wconf 85' lang='lat' dir='ltr'><strong>auctoritatem</strong></span> <span class='ocrx_word' id='word_1_74' title='bbox 824 1743 955 1808; x_wconf 83' lang='lat' dir='ltr'><strong>textum</strong></span> <span class='ocrx_word' id='word_1_75' title='bbox 972 1722 1161 1820; x_wconf 82' lang='lat' dir='ltr'><strong>praecipue</strong></span> <span class='ocrx_word' id='word_1_76' title='bbox 1175 1720 1307 1794; x_wconf 83' lang='lat' dir='ltr'><strong>consti·</strong></span> 
     </span>
    </p>
   </div>
   <div class='ocr_carea' id='block_1_6' title="bbox 118 1839 1409 4343">
    <p class='ocr_par' dir='ltr' id='par_1_7' title="bbox 158 1839 1409 2910">
     <span class='ocr_line' id='line_1_12' title="bbox 238 1839 1308 1940; baseline -0.004 -24"><span class='ocrx_word' id='word_1_77' title='bbox 238 1862 392 1938; x_wconf 87' lang='lat' dir='ltr'><strong>tuerem,</strong></span> <span class='ocrx_word' id='word_1_78' title='bbox 419 1871 492 1916; x_wconf 90' lang='lat' dir='ltr'><strong>non</strong></span> <span class='ocrx_word' id='word_1_79' title='bbox 514 1842 738 1918; x_wconf 87' lang='lat' dir='ltr'><strong>numerandis</strong></span> <span class='ocrx_word' id='word_1_80' title='bbox 762 1841 884 1915; x_wconf 74' lang='lat' dir='ltr'><strong>codd·</strong></span> <span class='ocrx_word' id='word_1_81' title='bbox 905 1839 967 1914; x_wconf 89' lang='lat' dir='ltr'><strong>sed</strong></span> <span class='ocrx_word' id='word_1_82' title='bbox 988 1842 1201 1915; x_wconf 87' lang='lat' dir='ltr'><strong>lectionibus</strong></span> <span class='ocrx_word' id='word_1_83' title='bbox 1218 1840 1308 1940; x_wconf 86' lang='lat' dir='ltr'><strong>ipsis</strong></span> 
     </span>
     <span class='ocr_line' id='line_1_13' title="bbox 206 1959 1306 2064; baseline -0.004 -28"><span class='ocrx_word' id='word_1_84' title='bbox 206 1973 211 1980; x_wconf 87' lang='lat'>&#39;</span> <span class='ocrx_word' id='word_1_85' title='bbox 238 1963 493 2064; x_wconf 86' lang='lat' dir='ltr'><strong>ponderandis,</strong></span> <span class='ocrx_word' id='word_1_86' title='bbox 519 1963 584 2038; x_wconf 89' lang='lat' dir='ltr'><strong>ubi</strong></span> <span class='ocrx_word' id='word_1_87' title='bbox 598 1983 715 2060; x_wconf 86' lang='lat' dir='ltr'><strong>aperte</strong></span> <span class='ocrx_word' id='word_1_88' title='bbox 727 1960 853 2033; x_wconf 85' lang='lat' dir='ltr'><strong>vitiosa</strong></span> <span class='ocrx_word' id='word_1_89' title='bbox 869 1983 958 2034; x_wconf 90' lang='lat' dir='ltr'><strong>esset</strong></span> <span class='ocrx_word' id='word_1_90' title='bbox 971 1963 1109 2058; x_wconf 87' lang='lat' dir='ltr'><strong>vulgata</strong></span> <span class='ocrx_word' id='word_1_91' title='bbox 1123 1960 1241 2054; x_wconf 88' lang='lat' dir='ltr'><strong>lectio,</strong></span> <span class='ocrx_word' id='word_1_92' title='bbox 1262 1959 1306 2032; x_wconf 89' lang='lat' dir='ltr'><strong>iis</strong></span> 
     </span>
     <span class='ocr_line' id='line_1_14' title="bbox 237 2078 1409 2175; baseline -0.003 -19"><span class='ocrx_word' id='word_1_93' title='bbox 237 2103 373 2156; x_wconf 88' lang='lat' dir='ltr'><strong>tantum</strong></span> <span class='ocrx_word' id='word_1_94' title='bbox 390 2083 446 2156; x_wconf 90' lang='lat' dir='ltr'><strong>vel</strong></span> <span class='ocrx_word' id='word_1_95' title='bbox 463 2081 612 2155; x_wconf 87' lang='lat' dir='ltr'><strong>aliorum</strong></span> <span class='ocrx_word' id='word_1_96' title='bbox 632 2081 687 2157; x_wconf 86' lang='lat' dir='ltr'><strong>vel</strong></span> <span class='ocrx_word' id='word_1_97' title='bbox 701 2079 787 2154; x_wconf 89' lang='lat' dir='ltr'><strong>meis</strong></span> <span class='ocrx_word' id='word_1_98' title='bbox 805 2079 1017 2153; x_wconf 90' lang='lat' dir='ltr'><strong>coniecturis</strong></span> <span class='ocrx_word' id='word_1_99' title='bbox 1032 2080 1155 2153; x_wconf 88' lang='lat' dir='ltr'><strong>locum</strong></span> <span class='ocrx_word' id='word_1_100' title='bbox 1171 2078 1312 2175; x_wconf 76' lang='lat' dir='ltr'><strong>darem,</strong></span> <span class='ocrx_word' id='word_1_101' title='bbox 1408 2095 1409 2098; x_wconf 76' lang='grc'>’</span> 
     </span>
     <span class='ocr_line' id='line_1_15' title="bbox 239 2199 1308 2300; baseline 0 -28"><span class='ocrx_word' id='word_1_102' title='bbox 239 2223 332 2300; x_wconf 81' lang='lat' dir='ltr'><strong>quae</strong></span> <span class='ocrx_word' id='word_1_103' title='bbox 346 2221 381 2273; x_wconf 89' lang='lat' dir='ltr'><strong>et</strong></span> <span class='ocrx_word' id='word_1_104' title='bbox 395 2200 509 2274; x_wconf 91' lang='lat' dir='ltr'><strong>sensui</strong></span> <span class='ocrx_word' id='word_1_105' title='bbox 525 2200 623 2274; x_wconf 88' lang='lat' dir='ltr'><strong>omni</strong></span> <span class='ocrx_word' id='word_1_106' title='bbox 640 2226 682 2274; x_wconf 82' lang='lat' dir='ltr'><strong>ex</strong></span> <span class='ocrx_word' id='word_1_107' title='bbox 697 2221 796 2300; x_wconf 86' lang='lat' dir='ltr'><strong>parte</strong></span> <span class='ocrx_word' id='word_1_108' title='bbox 808 2201 1004 2278; x_wconf 68' lang='lat' dir='ltr'><strong>satisfacere</strong></span> <span class='ocrx_word' id='word_1_109' title='bbox 1017 2199 1237 2292; x_wconf 86' lang='lat' dir='ltr'><strong>viderentur,</strong></span> <span class='ocrx_word' id='word_1_110' title='bbox 1271 2221 1308 2273; x_wconf 89' lang='lat' dir='ltr'><strong>et</strong></span> 
     </span>
     <span class='ocr_line' id='line_1_16' title="bbox 238 2305 1306 2419; baseline -0.001 -26"><span class='ocrx_word' id='word_1_111' title='bbox 238 2321 431 2419; x_wconf 70' lang='lat' dir='ltr'><strong>evulgatae</strong></span> <span class='ocrx_word' id='word_1_112' title='bbox 452 2320 610 2394; x_wconf 84' lang='lat' dir='ltr'><strong>lectionis</strong></span> <span class='ocrx_word' id='word_1_113' title='bbox 626 2305 773 2419; x_wconf 83' lang='lat' dir='ltr'><strong>vestigiis</strong></span> <span class='ocrx_word' id='word_1_114' title='bbox 790 2347 871 2395; x_wconf 89' lang='lat' dir='ltr'><strong>nou.</strong></span> <span class='ocrx_word' id='word_1_115' title='bbox 885 2319 987 2392; x_wconf 89' lang='lat' dir='ltr'><strong>nimis</strong></span> <span class='ocrx_word' id='word_1_116' title='bbox 1004 2318 1226 2414; x_wconf 78' lang='lat' dir='ltr'><strong>recederent,</strong></span> <span class='ocrx_word' id='word_1_117' title='bbox 1259 2341 1306 2414; x_wconf 86' lang='lat' dir='ltr'><strong>et,</strong></span> 
     </span>
     <span class='ocr_line' id='line_1_17' title="bbox 158 2439 1307 2540; baseline 0.001 -29"><span class='ocrx_word' id='word_1_118' title='bbox 158 2463 160 2468; x_wconf 87' lang='grc'><em>·</em></span> <span class='ocrx_word' id='word_1_119' title='bbox 237 2440 422 2540; x_wconf 82' lang='lat' dir='ltr'><strong>quomodo</strong></span> <span class='ocrx_word' id='word_1_120' title='bbox 437 2442 576 2540; x_wconf 84' lang='lat' dir='ltr'><strong>vulgata</strong></span> <span class='ocrx_word' id='word_1_121' title='bbox 591 2441 696 2526; x_wconf 82' lang='lat' dir='ltr'><strong>lectio</strong></span> <span class='ocrx_word' id='word_1_122' title='bbox 713 2467 756 2514; x_wconf 83' lang='lat' dir='ltr'><strong>ex</strong></span> <span class='ocrx_word' id='word_1_123' title='bbox 775 2441 818 2514; x_wconf 89' lang='lat' dir='ltr'><strong>iis</strong></span> <span class='ocrx_word' id='word_1_124' title='bbox 833 2445 943 2514; x_wconf 86' lang='lat' dir='ltr'><strong>fluere</strong></span> <span class='ocrx_word' id='word_1_125' title='bbox 958 2439 1132 2538; x_wconf 90' lang='lat' dir='ltr'><strong>potuerit,</strong></span> <span class='ocrx_word' id='word_1_126' title='bbox 1163 2439 1307 2512; x_wconf 81' lang='lat' dir='ltr'><strong>facilem</strong></span> 
     </span>
     <span class='ocr_line' id='line_1_18' title="bbox 238 2559 1309 2660; baseline 0 -28"><span class='ocrx_word' id='word_1_127' title='bbox 238 2561 513 2660; x_wconf 78' lang='lat' dir='ltr'><strong>explicationem</strong></span> <span class='ocrx_word' id='word_1_128' title='bbox 536 2560 719 2634; x_wconf 86' lang='lat' dir='ltr'><strong>haberent.</strong></span> <span class='ocrx_word' id='word_1_129' title='bbox 788 2560 841 2654; x_wconf 78' lang='lat' dir='ltr'><strong>Ita</strong></span> <span class='ocrx_word' id='word_1_130' title='bbox 862 2588 940 2634; x_wconf 42' lang='lat' dir='ltr'><strong>non*</strong></span> <span class='ocrx_word' id='word_1_131' title='bbox 958 2559 1118 2633; x_wconf 84' lang='lat' dir='ltr'><strong>dubitavi</strong></span> <span class='ocrx_word' id='word_1_132' title='bbox 1148 2559 1309 2656; x_wconf 80' lang='lat' dir='ltr'><strong>recipere</strong></span> 
     </span>
     <span class='ocr_line' id='line_1_19' title="bbox 237 2665 1309 2786; baseline -0.004 -30"><span class='ocrx_word' id='word_1_133' title='bbox 237 2678 327 2756; x_wconf 75' lang='lat' dir='ltr'><strong>Hes.</strong></span> <span class='ocrx_word' id='word_1_134' title='bbox 348 2687 434 2777; x_wconf 78' lang='lat'>692.</span> <span class='ocrx_word' id='word_1_135' title='bbox 461 2665 650 2786; x_wconf 67' lang='lat' dir='ltr'><strong>primaeua</strong></span> <span class='ocrx_word' id='word_1_136' title='bbox 676 2709 742 2781; x_wconf 88' lang='lat' dir='ltr'><strong>pro</strong></span> <span class='ocrx_word' id='word_1_137' title='bbox 764 2682 903 2784; x_wconf 72' lang='grc' dir='ltr'><strong><em>φάσμά,</em></strong></span> <span class='ocrx_word' id='word_1_138' title='bbox 930 2705 1005 2780; x_wconf 85' lang='lat' dir='ltr'><strong>quo</strong></span> <span class='ocrx_word' id='word_1_139' title='bbox 1028 2681 1123 2753; x_wconf 86' lang='lat' dir='ltr'><strong>facto</strong></span> <span class='ocrx_word' id='word_1_140' title='bbox 1146 2701 1214 2752; x_wconf 75' lang='lat' dir='ltr'><strong>tres</strong></span> <span class='ocrx_word' id='word_1_141' title='bbox 1239 2677 1309 2762; x_wconf 74' lang='lat' dir='ltr'><strong>d0⁴¹</strong></span> 
     </span>
     <span class='ocr_line' id='line_1_20' title="bbox 238 2799 1349 2910; baseline -0.003 -37"><span class='ocrx_word' id='word_1_142' title='bbox 238 2799 350 2873; x_wconf 87' lang='lat' dir='ltr'><strong>chmii</strong></span> <span class='ocrx_word' id='word_1_143' title='bbox 365 2801 448 2874; x_wconf 89' lang='lat' dir='ltr'><strong>iusti</strong></span> <span class='ocrx_word' id='word_1_144' title='bbox 464 2823 607 2894; x_wconf 82' lang='lat' dir='ltr'><strong>exeunt,</strong></span> <span class='ocrx_word' id='word_1_145' title='bbox 624 2830 643 2877; x_wconf 90' lang='lat' dir='ltr'><strong>e</strong></span> <span class='ocrx_word' id='word_1_146' title='bbox 659 2805 850 2907; x_wconf 74' lang='grc' dir='ltr'><em>φάντασμα</em></span> <span class='ocrx_word' id='word_1_147' title='bbox 863 2827 947 2876; x_wconf 91' lang='lat' dir='ltr'><strong>vero</strong></span> <span class='ocrx_word' id='word_1_148' title='bbox 962 2799 1057 2872; x_wconf 85' lang='lat' dir='ltr'><strong>facili</strong></span> <span class='ocrx_word' id='word_1_149' title='bbox 1072 2825 1191 2874; x_wconf 88' lang='lat' dir='ltr'><strong>errore</strong></span> <span class='ocrx_word' id='word_1_150' title='bbox 1200 2799 1308 2870; x_wconf 82' lang='lat' dir='ltr'><strong>libra·</strong></span> <span class='ocrx_word' id='word_1_151' title='bbox 1343 2893 1349 2910; x_wconf 23' lang='lat' dir='ltr'>x</span> 
     </span>
    </p>

    <p class='ocr_par' dir='ltr' id='par_1_8' title="bbox 118 2920 1408 4343">
     <span class='ocr_line' id='line_1_21' title="bbox 226 2920 1408 3036; baseline 0 -42"><span class='ocrx_word' id='word_1_152' title='bbox 226 2920 281 3036; x_wconf 70' lang='lat' dir='ltr'><strong>¹rii</strong></span> <span class='ocrx_word' id='word_1_153' title='bbox 295 2923 419 3019; x_wconf 79' lang='grc' dir='ltr'><em>φάσμα</em></span> <span class='ocrx_word' id='word_1_154' title='bbox 433 2922 513 2996; x_wconf 87' lang='lat' dir='ltr'><strong>fieri</strong></span> <span class='ocrx_word' id='word_1_155' title='bbox 529 2923 665 3020; x_wconf 74' lang='lat' dir='ltr'><strong>potuit,</strong></span> <span class='ocrx_word' id='word_1_156' title='bbox 694 2925 839 3027; x_wconf 79' lang='lat' dir='ltr'><strong>Hippol.</strong></span> <span class='ocrx_word' id='word_1_157' title='bbox 857 2936 941 3028; x_wconf 79' lang='lat'>549·</span> <span class='ocrx_word' id='word_1_158' title='bbox 958 2921 1084 3016; x_wconf 66' lang='grc' dir='ltr'><em>ζεύξαέ</em></span> <span class='ocrx_word' id='word_1_159' title='bbox 1101 2924 1159 2999; x_wconf 71' lang='grc' dir='ltr'><strong>ἄπ’</strong></span> <span class='ocrx_word' id='word_1_160' title='bbox 1173 2923 1308 3021; x_wconf 76' lang='grc' dir='ltr'><strong><em>εἰρεσίᾳ</em></strong></span> <span class='ocrx_word' id='word_1_161' title='bbox 1407 3021 1408 3027; x_wconf 11' lang='lat'>¹</span> 
     </span>
     <span class='ocr_line' id='line_1_22' title="bbox 221 3046 1307 3150; baseline 0.005 -31"><span class='ocrx_word' id='word_1_162' title='bbox 221 3047 293 3142; x_wconf 70' lang='lat' dir='ltr'><strong>„dp-</strong></span> <span class='ocrx_word' id='word_1_163' title='bbox 308 3071 376 3142; x_wconf 89' lang='lat' dir='ltr'><strong>pro</strong></span> <span class='ocrx_word' id='word_1_164' title='bbox 391 3057 423 3134; x_wconf 66' lang='grc' dir='ltr'><strong>ζ,</strong></span> <span class='ocrx_word' id='word_1_165' title='bbox 434 3046 640 3145; x_wconf 59' lang='lat' dir='ltr'><strong>dietpertus</strong></span> <span class='ocrx_word' id='word_1_166' title='bbox 656 3050 712 3147; x_wconf 80' lang='lat' dir='ltr'><strong>dp.</strong></span> <span class='ocrx_word' id='word_1_167' title='bbox 756 3049 822 3123; x_wconf 89' lang='lat' dir='ltr'><strong>Ph.</strong></span> <span class='ocrx_word' id='word_1_168' title='bbox 840 3055 922 3148; x_wconf 83' lang='lat'><strong>759.</strong></span> <span class='ocrx_word' id='word_1_169' title='bbox 941 3049 1097 3133; x_wconf 73' lang='grc' dir='ltr'><strong>ἄνἀκτας</strong></span> <span class='ocrx_word' id='word_1_170' title='bbox 1111 3075 1178 3150; x_wconf 85' lang='lat' dir='ltr'><strong>pro</strong></span> <span class='ocrx_word' id='word_1_171' title='bbox 1194 3047 1307 3124; x_wconf 76' lang='grc' dir='ltr'><em>ἀνάσ-</em></span> 
     </span>
     <span class='ocr_line' id='line_1_23' title="bbox 234 3163 1407 3262; baseline 0.004 -24"><span class='ocrx_word' id='word_1_172' title='bbox 234 3195 318 3238; x_wconf 79' lang='grc' dir='ltr'><strong><em>σειν.</em></strong></span> <span class='ocrx_word' id='word_1_173' title='bbox 370 3163 452 3237; x_wconf 91' lang='lat' dir='ltr'><strong>Hoc</strong></span> <span class='ocrx_word' id='word_1_174' title='bbox 474 3195 560 3243; x_wconf 85' lang='lat' dir='ltr'><strong>vero</strong></span> <span class='ocrx_word' id='word_1_175' title='bbox 585 3196 630 3244; x_wconf 90' lang='lat' dir='ltr'><strong>eo</strong></span> <span class='ocrx_word' id='word_1_176' title='bbox 648 3170 885 3256; x_wconf 87' lang='lat' dir='ltr'><strong>confidentius</strong></span> <span class='ocrx_word' id='word_1_177' title='bbox 909 3176 1027 3250; x_wconf 84' lang='lat' dir='ltr'><strong>iacere</strong></span> <span class='ocrx_word' id='word_1_178' title='bbox 1046 3174 1152 3246; x_wconf 90' lang='lat' dir='ltr'><strong>licere</strong></span> <span class='ocrx_word' id='word_1_179' title='bbox 1176 3168 1309 3244; x_wconf 89' lang='lat' dir='ltr'><strong>editori</strong></span> <span class='ocrx_word' id='word_1_180' title='bbox 1406 3259 1407 3262; x_wconf 8' lang='grc' dir='ltr'><strong>Ἴ</strong></span> 
     </span>
     <span class='ocr_line' id='line_1_24' title="bbox 235 3283 1310 3392; baseline 0.007 -36"><span class='ocrx_word' id='word_1_181' title='bbox 235 3283 446 3377; x_wconf 85' lang='lat' dir='ltr'><strong>existimavi,</strong></span> <span class='ocrx_word' id='word_1_182' title='bbox 464 3289 563 3384; x_wconf 85' lang='lat' dir='ltr'><strong>quod</strong></span> <span class='ocrx_word' id='word_1_183' title='bbox 574 3290 655 3362; x_wconf 89' lang='lat' dir='ltr'><strong>alias</strong></span> <span class='ocrx_word' id='word_1_184' title='bbox 667 3289 772 3392; x_wconf 82' lang='lat' dir='ltr'><strong>etiam</strong></span> <span class='ocrx_word' id='word_1_185' title='bbox 783 3293 1003 3369; x_wconf 85' lang='lat' dir='ltr'><strong>coniecturas</strong></span> <span class='ocrx_word' id='word_1_186' title='bbox 1017 3289 1163 3367; x_wconf 89' lang='lat' dir='ltr'><strong>aCodd.</strong></span> <span class='ocrx_word' id='word_1_187' title='bbox 1182 3293 1310 3388; x_wconf 80' lang='lat' dir='ltr'><strong>postea</strong></span> 
     </span>
     <span class='ocr_line' id='line_1_25' title="bbox 234 3404 1308 3503; baseline 0.011 -26"><span class='ocrx_word' id='word_1_188' title='bbox 234 3404 484 3502; x_wconf 76' lang='lat' dir='ltr'><strong>comprobatas</strong></span> <span class='ocrx_word' id='word_1_189' title='bbox 503 3406 594 3503; x_wconf 84' lang='lat' dir='ltr'><strong>vidi,</strong></span> <span class='ocrx_word' id='word_1_190' title='bbox 621 3430 662 3483; x_wconf 90' lang='lat' dir='ltr'><strong>ut</strong></span> <span class='ocrx_word' id='word_1_191' title='bbox 675 3410 788 3484; x_wconf 89' lang='lat' dir='ltr'><strong>Orest.</strong></span> <span class='ocrx_word' id='word_1_192' title='bbox 809 3421 918 3493; x_wconf 69' lang='lat'>1254.</span> <span class='ocrx_word' id='word_1_193' title='bbox 932 3409 1082 3489; x_wconf 82' lang='lat' dir='ltr'><strong>Porsoni</strong></span> <span class='ocrx_word' id='word_1_194' title='bbox 1103 3414 1181 3487; x_wconf 77' lang='lat' dir='ltr'><strong>cita</strong></span> <span class='ocrx_word' id='word_1_195' title='bbox 1196 3410 1308 3489; x_wconf 72' lang='grc' dir='ltr'><em>πάλιν</em></span> 
     </span>
     <span class='ocr_line' id='line_1_26' title="bbox 127 3514 1308 3629; baseline 0.005 -29"><span class='ocrx_word' id='word_1_196' title='bbox 127 3514 136 3548; x_wconf 69' lang='lat'>⁵</span> <span class='ocrx_word' id='word_1_197' title='bbox 154 3556 158 3574; x_wconf 79' lang='lat'>¹</span> <span class='ocrx_word' id='word_1_198' title='bbox 208 3521 384 3600; x_wconf 71' lang='lat' dir='ltr'><strong>&#39;cannula</strong></span> <span class='ocrx_word' id='word_1_199' title='bbox 398 3521 610 3602; x_wconf 86' lang='lat' dir='ltr'><strong>Tauriuensi</strong></span> <span class='ocrx_word' id='word_1_200' title='bbox 627 3550 663 3604; x_wconf 84' lang='lat' dir='ltr'><strong>&#39;et</strong></span> <span class='ocrx_word' id='word_1_201' title='bbox 678 3527 774 3605; x_wconf 86' lang='lat' dir='ltr'><strong>Flor.</strong></span> <span class='ocrx_word' id='word_1_202' title='bbox 802 3557 857 3607; x_wconf 91' lang='lat'><strong>10.</strong></span> <span class='ocrx_word' id='word_1_203' title='bbox 886 3534 974 3629; x_wconf 89' lang='lat' dir='ltr'><strong>(ubi</strong></span> <span class='ocrx_word' id='word_1_204' title='bbox 989 3535 1114 3608; x_wconf 86' lang='lat' dir='ltr'><strong>melius</strong></span> <span class='ocrx_word' id='word_1_205' title='bbox 1134 3533 1237 3607; x_wconf 87' lang='lat' dir='ltr'><strong>etiam</strong></span> <span class='ocrx_word' id='word_1_206' title='bbox 1255 3535 1308 3606; x_wconf 79' lang='lat' dir='ltr'><strong>vi-</strong></span> 
     </span>
     <span class='ocr_line' id='line_1_27' title="bbox 233 3641 1306 3754; baseline 0.012 -39"><span class='ocrx_word' id='word_1_207' title='bbox 233 3641 384 3716; x_wconf 87' lang='lat' dir='ltr'><strong>debatur</strong></span> <span class='ocrx_word' id='word_1_208' title='bbox 398 3669 418 3715; x_wconf 90' lang='lat' dir='ltr'><strong>e</strong></span> <span class='ocrx_word' id='word_1_209' title='bbox 435 3641 583 3720; x_wconf 88' lang='lat' dir='ltr'><strong>Taurin.</strong></span> <span class='ocrx_word' id='word_1_210' title='bbox 599 3669 634 3722; x_wconf 89' lang='lat' dir='ltr'><strong>et</strong></span> <span class='ocrx_word' id='word_1_211' title='bbox 652 3649 808 3749; x_wconf 89' lang='lat' dir='ltr'><strong>Guelph.</strong></span> <span class='ocrx_word' id='word_1_212' title='bbox 827 3653 982 3754; x_wconf 88' lang='lat' dir='ltr'><strong>recipere</strong></span> <span class='ocrx_word' id='word_1_213' title='bbox 999 3659 1139 3754; x_wconf 70' lang='lat' dir='ltr'><strong>aa&#39;paug,¹</strong></span> <span class='ocrx_word' id='word_1_214' title='bbox 1160 3677 1201 3728; x_wconf 91' lang='lat' dir='ltr'><strong>ut·</strong></span> <span class='ocrx_word' id='word_1_215' title='bbox 1214 3653 1306 3728; x_wconf 91' lang='lat' dir='ltr'><strong>ordo</strong></span> 
     </span>
     <span class='ocr_line' id='line_1_28' title="bbox 232 3761 1309 3874; baseline 0.011 -38"><span class='ocrx_word' id='word_1_216' title='bbox 232 3763 425 3836; x_wconf 87' lang='lat' dir='ltr'><strong>verborum</strong></span> <span class='ocrx_word' id='word_1_217' title='bbox 439 3788 527 3839; x_wconf 88' lang='lat' dir='ltr'><strong>esset</strong></span> <span class='ocrx_word' id='word_1_218' title='bbox 542 3769 690 3872; x_wconf 73' lang='grc' dir='ltr'><em>διάφερε</em></span> <span class='ocrx_word' id='word_1_219' title='bbox 703 3761 852 3850; x_wconf 72' lang='lat' dir='ltr'><strong>exaneda</strong></span> <span class='ocrx_word' id='word_1_220' title='bbox 866 3774 992 3874; x_wconf 81' lang='grc' dir='ltr'><strong><em>κόραις</em></strong></span> <span class='ocrx_word' id='word_1_221' title='bbox 1006 3772 1089 3870; x_wconf 72' lang='lat' dir='ltr'><strong>cipp.</strong></span> <span class='ocrx_word' id='word_1_222' title='bbox 1104 3803 1211 3874; x_wconf 82' lang='lat' dir='ltr'><strong>quam</strong></span> <span class='ocrx_word' id='word_1_223' title='bbox 1223 3801 1309 3848; x_wconf 87' lang='lat' dir='ltr'><strong>eum·</strong></span> 
     </span>
     <span class='ocr_line' id='line_1_29' title="bbox 118 3877 1314 3992; baseline 0.01 -38"><span class='ocrx_word' id='word_1_224' title='bbox 118 3879 120 3886; x_wconf 67' lang='grc'><strong>’</strong></span> <span class='ocrx_word' id='word_1_225' title='bbox 181 3895 187 3908; x_wconf 80' lang='grc'><em>“</em></span> <span class='ocrx_word' id='word_1_226' title='bbox 231 3881 394 3956; x_wconf 78' lang='lat' dir='ltr'><strong>Seidlero</strong></span> <span class='ocrx_word' id='word_1_227' title='bbox 423 3886 575 3964; x_wconf 74' lang='lat' dir='ltr'><strong>uaoarair</strong></span> <span class='ocrx_word' id='word_1_228' title='bbox 589 3889 745 3965; x_wconf 85' lang='lat' dir='ltr'><strong>tribuere</strong></span> <span class='ocrx_word' id='word_1_229' title='bbox 763 3892 908 3992; x_wconf 81' lang='lat' dir='ltr'><strong>choro)</strong></span> <span class='ocrx_word' id='word_1_230' title='bbox 942 3877 1314 3968; x_wconf 65' lang='lat' dir='ltr'><strong>ib.1542.seidlerif</strong></span> 
     </span>
     <span class='ocr_line' id='line_1_30' title="bbox 231 4001 1309 4108; baseline 0.005 -29"><span class='ocrx_word' id='word_1_231' title='bbox 231 4001 323 4079; x_wconf 61' lang='lat' dir='ltr'><strong>eisd</strong></span> <span class='ocrx_word' id='word_1_232' title='bbox 336 4012 436 4079; x_wconf 71' lang='grc' dir='ltr'><em>ἔπεσε</em></span> <span class='ocrx_word' id='word_1_233' title='bbox 457 4005 602 4080; x_wconf 89' lang='lat' dir='ltr'><strong>Taurin.</strong></span> <span class='ocrx_word' id='word_1_234' title='bbox 622 4011 684 4108; x_wconf 91' lang='lat' dir='ltr'><strong>qui</strong></span> <span class='ocrx_word' id='word_1_235' title='bbox 703 4021 823 4092; x_wconf 70' lang='grc' dir='ltr'><em>ἔπεσεν</em></span> <span class='ocrx_word' id='word_1_236' title='bbox 847 4027 945 4091; x_wconf 75' lang='lat' dir='ltr'><strong>iirscs</strong></span> <span class='ocrx_word' id='word_1_237' title='bbox 961 4013 1090 4106; x_wconf 83' lang='lat' dir='ltr'><strong>habet,</strong></span> <span class='ocrx_word' id='word_1_238' title='bbox 1116 4033 1155 4085; x_wconf 89' lang='lat' dir='ltr'><strong>ut</strong></span> <span class='ocrx_word' id='word_1_239' title='bbox 1172 4011 1239 4086; x_wconf 87' lang='lat' dir='ltr'><strong>alia</strong></span> <span class='ocrx_word' id='word_1_240' title='bbox 1254 4012 1309 4084; x_wconf 81' lang='lat' dir='ltr'><strong>&#39;le-</strong></span> 
     </span>
     <span class='ocr_line' id='line_1_31' title="bbox 230 4117 1404 4232; baseline 0.012 -39"><span class='ocrx_word' id='word_1_241' title='bbox 230 4117 329 4196; x_wconf 82' lang='lat' dir='ltr'><strong>viora</strong></span> <span class='ocrx_word' id='word_1_242' title='bbox 348 4142 490 4224; x_wconf 62' lang='lat' dir='ltr'><strong>taceam,</strong></span> <span class='ocrx_word' id='word_1_243' title='bbox 527 4126 600 4200; x_wconf 91' lang='lat' dir='ltr'><strong>Sed</strong></span> <span class='ocrx_word' id='word_1_244' title='bbox 609 4131 731 4214; x_wconf 80' lang='lat' dir='ltr'><strong>&#39;multo</strong></span> <span class='ocrx_word' id='word_1_245' title='bbox 752 4132 891 4231; x_wconf 88' lang='lat' dir='ltr'><strong>saepius</strong></span> <span class='ocrx_word' id='word_1_246' title='bbox 908 4135 1087 4232; x_wconf 85' lang='lat' dir='ltr'><strong>vulgatam</strong></span> <span class='ocrx_word' id='word_1_247' title='bbox 1104 4131 1308 4228; x_wconf 85' lang='lat' dir='ltr'><strong>lectionem,</strong></span> <span class='ocrx_word' id='word_1_248' title='bbox 1403 4179 1404 4186; x_wconf 24' lang='grc' dir='ltr'><strong>κ</strong></span> 
     </span>
     <span class='ocr_line' id='line_1_32' title="bbox 230 4237 1310 4343; baseline 0.015 -33"><span class='ocrx_word' id='word_1_249' title='bbox 230 4237 647 4343; x_wconf 85' lang='lat' dir='ltr'><strong>coniecturistentatam,</strong></span> <span class='ocrx_word' id='word_1_250' title='bbox 681 4250 900 4326; x_wconf 86' lang='lat' dir='ltr'><strong>retinendam</strong></span> <span class='ocrx_word' id='word_1_251' title='bbox 913 4254 969 4328; x_wconf 88' lang='lat' dir='ltr'><strong>vel</strong></span> <span class='ocrx_word' id='word_1_252' title='bbox 991 4249 1227 4330; x_wconf 87' lang='lat' dir='ltr'><strong>revocandam</strong></span> <span class='ocrx_word' id='word_1_253' title='bbox 1243 4251 1310 4327; x_wconf 81' lang='lat' dir='ltr'><strong>da·</strong></span> 
     </span>
    </p>
   </div>
   <div class='ocr_carea' id='block_1_7' title="bbox 1243 4435 1258 4464">
    <p class='ocr_par' dir='ltr' id='par_1_9' title="bbox 1243 4435 1258 4464">
     <span class='ocr_line' id='line_1_33' title="bbox 1243 4435 1258 4464; baseline 0 0"><span class='ocrx_word' id='word_1_254' title='bbox 1243 4435 1258 4464; x_wconf 73' lang='lat'>0</span> 
     </span>
    </p>
   </div>
   <div class='ocr_carea' id='block_1_8' title="bbox 0 0 1426 4948">
    <p class='ocr_par' dir='ltr' id='par_1_10' title="bbox 0 0 1426 4948">
     <span class='ocr_line' id='line_1_34' title="bbox 0 0 1426 4948; baseline 0 3"><span class='ocrx_word' id='word_1_255' title='bbox 0 0 1426 4948; x_wconf 95' lang='lat' dir='ltr'><strong> </strong></span> 
     </span>
    </p>
   </div>
  </div>
 </body>
</html>
