2844 4948
234 511 309 562 vur
428 489 431 492 ’
503 416 1033 566 PRAEFATdO.

237 655 440 758 Respondit
454 657 619 757 precibus
631 658 718 732 meis
728 659 810 734 Viri
825 659 955 760 egregii
969 659 1128 760 mihique
1139 657 1312 734 amictui-¹

238 775 290 852 nri
306 778 515 852 humanitas.
575 779 667 853 Sunt
681 779 717 851 in
735 780 1003 854 instructissima
1017 779 1077 854 illa
1090 780 1310 856 bibliotheca

90 937 93 945 =
147 911 150 917 '
240 898 391 972 Codices
406 897 534 992 Mss,
563 897 759 997 tragoedias
777 899 913 1000 aliquot
928 899 1109 1001 Euripidis
1123 899 1311 974 continen·
1353 979 1359 998 Ι
1404 968 1408 974 .

38 1022 42 1036 ’
238 1039 307 1110 tes,
334 1022 494 1117 Augusta
511 1019 787 1093 vindelicorum
808 1047 852 1094 eo
875 1019 1046 1112 translati,
1072 1040 1147 1094 tum
1165 1040 1312 1093 annota-

193 1161 196 1172 ·
239 1137 353 1212 tiones
369 1139 406 1212 in
422 1139 610 1214 nonnullas
624 1139 840 1239 tragoedias,
874 1139 913 1213 P.
930 1139 1087 1216 Victorii
1100 1141 1215 1211 manu·
1226 1137 1313 1211 scri·

160 1347 169 1374 ‘
238 1277 330 1357 ptae,
351 1256 507 1356 denique
520 1261 723 1360 exemplum
740 1259 906 1334 editionis
921 1259 1086 1351 Aldinae,
1102 1260 1203 1331 cuins
1219 1259 1314 1331 mari
1406 1243 1408 1248 ⁵

239 1377 314 1476 gini
336 1377 433 1452 idern
455 1378 495 1451 P.
518 1373 702 1466 Victorius
726 1379 897 1454 variantes
920 1384 1110 1474 lectiones,
1138 1404 1224 1487 quas
1247 1387 1336 1454 voi-

239 1518 340 1591 eant,
366 1479 608 1598 adscripscrat.
660 1499 706 1573 Et
721 1498 949 1597 basquidem
963 1498 1221 1600 Iacobsiussua
1237 1525 1313 1570 rna·
1344 1545 1349 1554 ·
1383 1585 1395 1598 Ι

153 1640 155 1644 ·
238 1641 290 1686 nu
320 1639 481 1692 accurate
510 1619 748 1718 transscriptas
774 1617 1007 1712 ¹mihimisit3
1059 1618 1193 1718 reliqua
1222 1641 1311 1692 vero
1364 1665 1366 1672 ι

239 1739 351 1836 qaum
367 1737 474 1810 etiam
489 1739 626 1814 mittere
640 1759 809 1840 pararet,
829 1765 903 1814 nou
920 1737 1103 1831 dubitans,
1130 1735 1322 1837 quin'eius¹

238 1855 290 1926 rei
307 1857 447 1943 veniam
463 1886 646 1956 nunquam
662 1881 764 1933 antea
777 1881 939 1957 negatam
953 1858 1169 1955 impetraret,
1192 1853 1313 1930 subito

238 1999 330 2050 nova
346 1976 422 2075 lege
440 1978 631 2075 impeditus
647 2000 718 2071 est,
744 1977 858 2049 ullum
874 1976 1006 2048 librum
1023 1973 1099 2048 eius
1115 1974 1314 2049 bibliothe-

208 2087 211 2112 ¹
240 2120 302 2166 cae
317 2116 414 2168 extra
429 2095 554 2198 urbem
570 2096 740 2194 cuiquam
754 2095 976 2169 commodari
988 2095 1140 2171 vetantel
1164 2093 1231 2166 His
1245 2094 1314 2191 igi·

239 2233 340 2287 turet
353 2213 536 2310 praesidiis
549 2236 584 2289 et
592 2203 806 2290 ornamentis
816 2201 932 2289 nostra
942 2215 1052 2290 editio
1062 2239 1181 2288 carere
1190 2235 1315 2289 coacta
1387 2253 1390 2265 ,

150 2399 153 2418 ,
239 2351 312 2427 est3
339 2333 569 2410 Victorianae
585 2361 670 2410 vero
686 2335 853 2409 lectiones
872 2337 1019 2436 partim,
1044 2333 1312 2434 imprimis-eae,
1351 2415 1353 2427 Α

239 2451 330 2550 quae
345 2454 460 2526 tribus
473 2456 615 2554 punctis
630 2455 668 2530 in
682 2455 848 2554 trianguli
873 2442 1025 2530 forniam
1041 2453 1167 2554 positis
1184 2481 1230 2528 .·.
1246 2481 1312 2528 uo·

174 2561 180 2570 i
238 2591 329 2644 tatae
351 2596 450 2666 suut,
476 2577 534 2650 vel
557 2576 686 2675 quibus
708 2575 842 2649 litterae
865 2577 910 2649 V.
935 2575 976 2648 C.
997 2591 1162 2651 vetustus
1190 2579 1314 2650 Codex

239 2693 421 2790 appositae
443 2717 544 2790 sunt,
576 2695 746 2770 eCedice
763 2693 845 2768 MS.
870 2717 1007 2767 sumtae
1027 2693 1312 2789 esse‘videntur5
1336 2679 1345 2694 ’
1416 2679 1417 2682 “

240 2831 278 2884 et
294 2814 586 2914 conspiranteae
607 2817 817 2916 plerumque
839 2842 922 2888 cum
942 2813 1036 2888 cod.
1053 2811 1153 2912 Flos,
1177 2839 1217 2908 a,
1243 2813 1313 2886 nisi

240 2931 342 3031 qnod
369 2934 417 3009 ad
442 2935 601 3034 Tioades
630 2917 979 3035 quoquespectant,
1027 2961 1134 3033 quarn
1157 2934 1314 3011 fabulam

239 3053 360 3127 nullus
382 3053 673 3137 Florentinorum
696 3055 953 3154 complectitur.
1004 3049 1095 3126 Aliis
1116 3056 1314 3160 praefixum

183 3187 186 3208 ¹
240 3187 361 3266 est'yp·
385 3176 442 3250 vel
466 3187 511 3262 ἴσ,
531 3181 665 3274 eaeque
683 3175 738 3249 vel
757 3174 993 3248 correctiones
1014 3197 1194 3265 errorum,
1222 3200 1315 3279 quos

163 3295 164 3300 ’
241 3287 329 3365 Aldi
348 3283 851 3394 typothetae‘commiseraut,
885 3294 940 3368 vel
962 3291 1225 3368 emendationes
1250 3293 1316 3366 Vi-

155 3509 159 3522 ·
226 3412 357 3501 notorii·
371 3441 442 3486 esse
465 3414 641 3490 videntum
692 3414 975 3514 Nonnumquam
994 3433 1100 3488 notae
1115 3410 1326 3510 adscriptae

241 3553 322 3606 sunt
336 3534 524 3630 longiores.

252 3685 253 3694 ¹
344 3653 520 3730 Codicum
536 3653 828 3754 Augustanorum
851 3655 958 3728 trium
980 3653 1207 3734 collationem
1228 3651 1316 3726 ami·
1408 3653 1415 3716 ἶ

87 3869 92 3881 Ι
243 3771 371 3852 nissimi
393 3756 595 3850 Hermanni
610 3776 880 3850 benevolentiae
900 3775 1027 3848 debeo.
1097 3771 1149 3844 Hi
1170 3794 1251 3846 sunt
1276 3773 1314 3867 ii,

197 3913 200 3924 ¹
242 3919 334 3990 quos
349 3893 443 3968 idem
461 3896 530 3968 Vir
546 3891 823 3978 doctissimusin
841 3895 950 3993 praef.
969 3891 1177 3967 adHccnb.
1195 3920 1232 3992 p.
1248 3891 1317 3966 Vl.

244 4010 440 4113 descriptos
461 4016 586 4089 litteris
610 4011 724 4090 bod
745 4017 889 4092 notavit.
949 4013 1135 4118 Hecubam
1166 4013 1213 4112 (d
1229 4038 1248 4084 a
1262 4037 1314 4085 vs.

246 4119 409 4227 mdo),
436 4133 595 4208 Orestem
620 4156 655 4206 et
676 4134 1088 4211 Phoenissas'contiuent
1108 4155 1197 4225 tres,
1231 4132 1315 4206 inc

240 4249 454 4360 Phoenissae
474 4253 611 4328 desunt.
662 4253 718 4327 Ex
739 4253 796 4328 bis
814 4255 842 4326 'b
865 4254 958 4328 idem
981 4275 1050 4348 est,
1077 4278 1184 4354 quem
1198 4251 1314 4325 Bruu-
