2844 4948
261 535 289 601 u
378 485 905 610 rnAsnArru
1130 479 1293 608 sa.'

107 699 206 774 ckius
219 695 445 774 attonsum
459 693 583 770 cadom
598 693 700 768 litera
712 685 924 794 designavit,
951 695 1040 792 dis,
1064 721 1176 798 rpem
1277 683 1283 693 ¹

103 818 166 894 hic
182 819 219 892 A
234 815 446 924 nominavit,
472 835 566 888 etex
585 839 659 913 quo
677 811 814 890 scholia
828 843 849 889 a
865 815 1097 917 Tryllitschio
1114 845 1177 892 ex·

104 937 236 1038 scripta
250 965 334 1012 cnm
350 933 608 1012 Valckenaerio
627 933 901 1034 communicavit
918 935 1093 1012 Rcislrius.
1131 936 1177 1012 ld

105 1057 255 1158 planum
267 1049 402 1130 factum
417 1077 469 1129 est
482 1055 712 1148 indiciorum
724 1054 931 1150 Hermauoi,
958 1079 1034 1130 turn
1047 1057 1177 1138 Thier-

107 1176 223 1269 schii,
248 1175 330 1250 Viri
348 1173 561 1268 doctissimi,
588 1174 662 1273 qni,
689 1201 784 1248 arne
802 1197 953 1272 rogatus,
980 1175 1177 1272 Monachii,

105 1323 181 1397 quo
198 1295 323 1369 Codex
339 1322 358 1369 e
371 1294 591 1368 bibliotheca
605 1292 808 1392 Augustana
822 1295 996 1393 migravit,
1023 1322 1105 1370 eum
1121 1298 1177 1369 iu·

106 1415 234 1516 spexit.
269 1413 336 1489 Est
350 1441 446 1490 nunc
455 1411 579 1488 Codex
594 1418 668 1488 560
678 1414 773 1488 'iuter
787 1409 1028 1490 Monacenses.
1061 1415 1179 1491 Scho-

104 1535 153 1610 lia
167 1533 206 1606 in
230 1561 350 1610 versus
365 1556 509 1610 centum
521 1533 657 1632 priores
671 1533 802 1608 Orestis
829 1535 1013 1637 exscripsit
1031 1535 1180 1610 ornatis·
1236 1560 1244 1582 t

105 1653 215 1728 simus
231 1654 387 1748 iuvenis,
413 1655 507 1728 Led.
524 1652 759 1749 Doederlein,
785 1655 847 1753 qui
861 1654 992 1752 ingenii
1009 1678 1045 1729 et
1065 1655 1180 1728 scien·
1253 1729 1255 1736 ,

107 1775 175 1848 tiae
205 1774 387 1846 literarum
414 1769 639 1871 antiquarum
666 1773 845 1870 egregium
871 1774 1055 1869 specimen
1080 1773 1181 1850 dedit

109 1892 414 1968 observationibus
439 1889 569 1964 criticis
589 1892 630 1996 in,
642 1890 812 1990 Sophocl.
830 1888 923 1964 Oed.
939 1891 1016 1965 Col.
1040 1891 1079 1982 iu
1096 1894 1180 1966 Aet.

100 2017 237 2112 philol.
260 2017 414 2086 Monac.
440 2009 483 2084 T.
503 2011 532 2084 I.
591 2009 630 2085 Ν
631 2037 678 2084 on
701 2008 880 2110 magnios
903 2035 975 2084 esse
996 1999 1181 2111 momenti,

1 2135 2 2172 ¹
108 2133 216 2208 otiam
229 2130 465 2228 Jhierschius
481 2135 539 2204 me
551 2131 702 2205 monuit.
789 2133 792 2139 ’
1120 2227 1122 2232 ¹
1272 2221 1275 2230 y

1 2246 2 2252 ’
53 2331 57 2352 .
211 2251 384 2326 Codicem
401 2251 648 2346 Drasdensem,
675 2249 763 2326 osuu
779 2249 1031 2351 Mosqnenssm
1046 2251 1093 2347 D,
1121 2251 1182 2326 'dea

1 2385 2 2404 ¹
108 2397 190 2466 nno
201 2372 399 2446 contulerat
421 2371 671 2466 Hermannus,
694 2390 729 2445 et
744 2369 836 2446 'inde
852 2395 1032 2469 excerptas
1047 2371 1189 2446 variam·
1208 2377 1210 2388 ’

1 2529 2 2572 1
79 2533 86 2554 ο
108 2513 167 2566 tes.
184 2490 518 2566 lectiones-mecum
542 2490 829 2566 communicavit.
883 2491 962 2566 Nec
983 2491 1022 2563 in
1039 2513 1083 2564 eo
1099 2491 1183 2563 suh·

40 2607 42 2612 ’
109 2611 198 2686 stitit
220 2611 301 2685 Viri
323 2611 455 2713 egregii
477 2609 786 2708 humanitas„sed
811 2611 916 2686 etiam
938 2597 1183 2685 annotationis
1246 2597 1251 2613 χ

57 2759 61 2768 ’
109 2759 190 2806 suas
210 2729 248 2802 in
273 2731 460 2806 nonnullas
476 2730 602 2831 Eurip.
625 2731 762 2806 fabulas
783 2733 840 2808 vel
861 2731 899 2804 in
915 2731 1105 2830 ,complura
1126 2755 1183 2804 ea«
1218 2793 1223 2801 .

109 2859 193 2925 rum
207 2850 288 2924 loca
303 2850 395 2930 mihi
410 2853 604 2944 concessit,
632 2853 764 2950 quibus
778 2851 1093 2951 imprimismelica
1107 2877 1184 2924 car·

109 2970 209 3044 mina
223 2969 352 3045 melius
367 2969 499 3068 digesta
517 2990 608 3044 sunt.
636 2971 786 3044 Codices
795 2970 1010 3044 Parisienses
1023 2969 1186 3044 nondum

112 3091 267 3166 collatos
285 3075 394 3184 nihil,
414 3069 516 3188 duod
535 3115 664 3189 operae
682 3088 836 3190 pretium
855 3110 958 3180 esset,
983 3087 1030 3162 ad
1047 3109 1187 3163 textum

1 3274 2 3299 ,
109 3207 374 3286 emendandum
389 3209 558 3309 praesidii
575 3213 700 3284 afferre
714 3235 840 3310 posse,
868 3208 912 3303 ii,
939 3209 1001 3308 qni
1020 3191 1186 3286 accurato

1 3360 3 3423 ¹,
110 3355 173 3406 cos
189 3350 369 3423 noverunt,
394 3330 545 3425 Bastins,
572 3324 711 3427 Hasius,
737 3329 992 3410 Boissonadius
1008 3328 1118 3406 fidem
1134 3328 1200 3412 [ει.

111 3471 248 3544 cerunt,
269 3472 309 3524 ut
320 3451 494 3526 sumtibus
505 3451 541 3522 in
555 3477 615 3524 eos
628 3443 856 3526 excutiendos
867 3447 1116 3550 impendendis
1127 3473 1187 3520 su-

109 3571 300 3670 persedere
318 3596 355 3646 se
371 3596 476 3668 posse
497 3569 698 3670 Weigelins
714 3599 788 3645 non
803 3571 930 3646 iniuria
948 3571 1186 3644 arbitraretur.

212 3687 357 3766 Horut'n
380 3690 499 3765 Codd.
523 3717 593 3791 ope
618 3681 743 3768 omnes
765 3692 918 3766 maculas
939 3689 1106 3788 Euripidi
1125 3689 1189 3764 ad·
1216 3700 1219 3705 ’

109 3802 265 3912 spersas,
292 3813 350 3888 vel
367 3837 422 3886 eas
439 3832 553 3907 certe,
581 3838 671 3912 quae
689 3810 1108 3910 offensionisplurinrum
1124 3806 1188 3882 ha·
1261 3821 1272 3852 Ι
1334 3839 1342 3852 ·

107 3933 247 4026 herent,
271 3925 471 4040 elni'posse,
493 3959 560 4006 nec
576 3932 654 4032 ipse
674 3932 718 4006 ab
733 3932 837 4006 initio
854 3927 1008 4032 speravi}
1031 3929 1189 4028 plerum-

108 4079 181 4154 que
196 4053 293 4126 enim
307 4053 476 4132 lectiones
492 4079 534 4126 ex
549 4049 754 4126 aliisCodd.
773 4037 842 4126 iarn
859 4071 1019 4126 enotatas
1031 4050 1088 4124 vel
1103 4075 1191 4122 con·

108 4175 269 4248 iecturae
284 4173 460 4276 Viroruut
479 4173 673 4260 doctorum
688 4169 732 4244 iis
747 4175 942 4248 firmantur.
994 4164 1191 4245 Nonnullis

108 4315 231 4375 tamen
252 4289 578 4370 locis'medioinam
597 4296 641 4370 ab
666 4293 709 4368 iis
726 4293 867 4370 allatam
889 4316 980 4386 csse,
1018 4288 1076 4364 vel
1097 4287 1192 4362 viam
1220 4367 1222 4373 ,
